<ENVELOPE>
  <BODY>
    <IMPORTDATA>
      <REQUESTDESC>
        <REPORTNAME>All Ledger Entries</REPORTNAME>
      </REQUESTDESC>
      <REQUESTDATA>
        <COMPANY>
          <RENAME>Acme Audited Corp</RENAME>
          <BOOKSFROM>20250401</BOOKSFROM>
          <BOOKSTO>20260331</BOOKSTO>
        </COMPANY>
        <!-- Ledger Accounts -->
        <TALLYMESSAGE>
          <LEDGER NAME="Cash-in-hand">
            <PARENT>Cash-in-hand</PARENT>
            <OPENINGBALANCE>10000.00</OPENINGBALANCE>
          </LEDGER>
        </TALLYMESSAGE>
        <TALLYMESSAGE>
          <LEDGER NAME="Owner Capital">
            <PARENT>Capital Account</PARENT>
            <OPENINGBALANCE>0.00</OPENINGBALANCE>
          </LEDGER>
        </TALLYMESSAGE>
        <TALLYMESSAGE>
          <LEDGER NAME="Machinery">
            <PARENT>Fixed Assets</PARENT>
            <OPENINGBALANCE>150000.00</OPENINGBALANCE>
          </LEDGER>
        </TALLYMESSAGE>
        <TALLYMESSAGE>
          <LEDGER NAME="Sales Account">
            <PARENT>Sales Accounts</PARENT>
            <OPENINGBALANCE>0.00</OPENINGBALANCE>
          </LEDGER>
        </TALLYMESSAGE>
        <TALLYMESSAGE>
          <LEDGER NAME="ACME Debtors">
            <PARENT>Sundry Debtors</PARENT>
            <OPENINGBALANCE>0.00</OPENINGBALANCE>
          </LEDGER>
        </TALLYMESSAGE>
        <!-- Voucher Transactions -->
        <TALLYMESSAGE>
          <VOUCHER VCHTYPE="Receipt">
            <DATE>20250401</DATE>
            <VOUCHERNUMBER>VCH-0001</VOUCHERNUMBER>
            <NARRATION>Capital introduced by owner</NARRATION>
            <ALLLEDGERENTRIES.LIST>
              <LEDGERNAME>Cash-in-hand</LEDGERNAME>
              <ISDEEMEDPOSITIVE>Yes</ISDEEMEDPOSITIVE>
              <AMOUNT>-50000.00</AMOUNT>
            </ALLLEDGERENTRIES.LIST>
            <ALLLEDGERENTRIES.LIST>
              <LEDGERNAME>Owner Capital</LEDGERNAME>
              <ISDEEMEDPOSITIVE>No</ISDEEMEDPOSITIVE>
              <AMOUNT>50000.00</AMOUNT>
            </ALLLEDGERENTRIES.LIST>
          </VOUCHER>
        </TALLYMESSAGE>
        <TALLYMESSAGE>
          <VOUCHER VCHTYPE="Sales">
            <DATE>20250512</DATE>
            <VOUCHERNUMBER>VCH-0002</VOUCHERNUMBER>
            <NARRATION>Service sales to ACME Debtors</NARRATION>
            <ALLLEDGERENTRIES.LIST>
              <LEDGERNAME>ACME Debtors</LEDGERNAME>
              <ISDEEMEDPOSITIVE>Yes</ISDEEMEDPOSITIVE>
              <AMOUNT>-20000.00</AMOUNT>
            </ALLLEDGERENTRIES.LIST>
            <ALLLEDGERENTRIES.LIST>
              <LEDGERNAME>Sales Account</LEDGERNAME>
              <ISDEEMEDPOSITIVE>No</ISDEEMEDPOSITIVE>
              <AMOUNT>20000.00</AMOUNT>
            </ALLLEDGERENTRIES.LIST>
          </VOUCHER>
        </TALLYMESSAGE>
      </REQUESTDATA>
    </IMPORTDATA>
  </BODY>
</ENVELOPE>
